% This file was created with JabRef 2.4.2.
% Encoding: UTF8

@misc{ wiki:Agile_Softwareentwicklung,
   author = "Wikipedia",
   title = "{Agile Softwareentwicklung} -- {W}ikipedia{,} The Free Encyclopedia",
   month = may,
   year = "2017",
   howpublished = {\url{https://de.wikipedia.org/wiki/Agile_Softwareentwicklung}},
   note = "[Online; accessed 02-May-2017]"
 }


@misc{ wiki:Less_(Stylesheet-Sprache),
   author = "Wikipedia",
   title = "{Less (Stylesheet-Sprache)} -- {W}ikipedia{,} The Free Encyclopedia",
   month = jan,
   year = "2017",
   howpublished = {\url{https://de.wikipedia.org/wiki/Less_(Stylesheet-Sprache)}},
   note = "[Online; accessed 16-Jan-2017]"
 }
 

@misc{ wiki:Bootstrap_(Framework),
   author = "Wikipedia",
   title = "{Bootstrap (Framework)} -- {W}ikipedia{,} The Free Encyclopedia",
   month = mar,
   year = "2017",
   howpublished = {\url{https://de.wikipedia.org/wiki/Bootstrap_(Framework)}},
   note = "[Online; accessed 24-Mar-2017]"
 }


@BOOKLET{CakePHP,
  title = {What is CakePHP? Why Use it?},
  author = {{Cake Software Foundation}},
  lastchecked = {28.04.2017},
  year = {2017},
  timestamp = {2017.04.28},
  url = {https://book.cakephp.org/1.3/de/The-Manual/Beginning-With-CakePHP/What-is-CakePHP-Why-Use-it.html}
}


@misc{BEM,
   author = "Mario Janschitz",
   title = {Aufräumen im Code: Wie BEM mehr Modularität in dein Frontend bringt},
   month = sep,
   lastchecked = {01.05.2017},
   year = "2015",
   timestamp = {2015.09.28},
   howpublished = {\url{http://t3n.de/magazin/bem-modularitaet-frontend-239059/}},

 }













@misc{Bundesgesetzblatt48,
	title = {Verordnung über die Berufsausbildung im Bereich der Informations- und Telekommunikationstechnik},
	url = {http://fiae.link/VerordnungITBerufe},
	author = {{Regierung der Bundesrepublik Deutschland}},
	month = jul,
	year = {1997},
	pages = {1741--1799}
}

@techreport{BMBF2000,
	address = {Bonn},
	type = {Abschlussbericht},
	title = {Umsetzungshilfen für die neue Prüfungsstruktur der {IT-Berufe}},
	shorttitle = {{BMBF2000}},
	url = {http://fiae.link/UmsetzungshilfenITBerufe},
	author = {{Bundesministerium für Bildung und Forschung}},
	institution = {{Bundesministerium für Bildung und Forschung}},
	month = jul,
	year = {2000},
	pages = {476}
}

@techreport{Grashorn2010,
	address = {Vechta},
	type = {Dokumentation zur Projektarbeit},
	title = {Entwicklung von NatInfo -- Webbasiertes Tool zur Unterstützung der Entwickler},
	author = {Dirk Grashorn},
	institution = {{Alte Oldenburger Krankenversicherung AG}},
	month = apr,
	year = {2010},
}

@misc{MerkblattIHK,
	address = {Oldenburg},
	title = {Merkblatt zur Abschlussprüfung der IT-Berufe},
	author = {{IHK Oldenburg}},
	institution = {{Oldenburgische Industrie- und Handelskammer}},
	month = may,
	year = {2006},
	url = {http://fiae.link/MerkblattDokuOldenburg},
}

@misc{BewertungsmatrikIHK,
	address = {Darmstadt},
	title = {Bewertungsmatrix für Fachinformatiker/innen Anwendungsentwicklung},
	author = {{IHK Darmstadt}},
	institution = {{IHK Darmstadt Rhein Main Neckar}},
	month = mar,
	year = {2011},
	url = {http://fiae.link/BewertungsmatrixDokuDarmstadt},
}

@misc{ISO9126,
	title = {{Software-Engineering} – Qualität von {Software-Produkten} – Teil 1: Qualitätsmodell},
	author = {{ISO/IEC 9126-1}},
	month = jun,
	year = {2001}
}

@BOOKLET{phpDoc,
  title = {{phpDocumentor-Website}},
  author = {{phpdoc.org}},
  lastchecked = {20.04.2010},
  year = {2010},
  owner = {grashorn},
  timestamp = {2010.04.22},
  url = {http://www.phpdoc.org/}
}

@BOOKLET{Symfony,
  title = {Symfony - Open-Source PHP Web Framework},
  author = {{Sensio Labs}},
  lastchecked = {20.04.2010},
  year = {2010},
  owner = {grashorn},
  timestamp = {2010.04.22},
  url = {http://www.symfony-project.org/}
}
